<record><leader>00000cas a22000007a 4500</leader><controlfield tag="001">39150817</controlfield><controlfield tag="008">980520d19161917tnuwr ne      0   a0eng d</controlfield><datafield ind1=" " ind2=" " tag="010"><subfield code="a">sn 98069795 </subfield></datafield><datafield ind1=" " ind2=" " tag="040"><subfield code="a">TGN</subfield><subfield code="b">eng</subfield><subfield code="c">TGN</subfield><subfield code="d">OCLCQ</subfield><subfield code="d">OCLCF</subfield><subfield code="d">DLC</subfield><subfield code="d">OCLCO</subfield><subfield code="d">DLC</subfield></datafield><datafield ind1=" " ind2=" " tag="022"><subfield code="a">2475-2967</subfield><subfield code="2">1</subfield></datafield><datafield ind1=" " ind2=" " tag="042"><subfield code="a">msc</subfield><subfield code="a">nsdp</subfield></datafield><datafield ind1=" " ind2=" " tag="043"><subfield code="a">n-us-tn</subfield></datafield><datafield ind1="0" ind2="0" tag="050"><subfield code="a">Newspaper</subfield></datafield><datafield ind1="1" ind2="0" tag="082"><subfield code="a">071</subfield><subfield code="2">23</subfield></datafield><datafield ind1="0" ind2=" " tag="130"><subfield code="a">Johnson City comet (Johnson City, Tenn. : Weekly : 1916)</subfield></datafield><datafield ind1=" " ind2="4" tag="222"><subfield code="a">The Johnson City comet</subfield><subfield code="b">(Johnson City, Tenn. Weekly. 1916. Print)</subfield></datafield><datafield ind1="1" ind2="4" tag="245"><subfield code="a">The Johnson City comet.</subfield></datafield><datafield ind1=" " ind2=" " tag="260"><subfield code="a">Johnson City, Tenn. :</subfield><subfield code="b">Cy H. Lyle,</subfield><subfield code="c">1916-1917.</subfield></datafield><datafield ind1=" " ind2=" " tag="300"><subfield code="a">v.</subfield></datafield><datafield ind1=" " ind2=" " tag="310"><subfield code="a">Weekly</subfield></datafield><datafield ind1="0" ind2=" " tag="362"><subfield code="a">32nd year, whole no. 1646 (Jan. 20, 1916)-34th year, whole no. 1723 (July 12, 1917).</subfield></datafield><datafield ind1=" " ind2=" " tag="500"><subfield code="a">Editors: T. Lyle Anderson &amp; John A. Everett, 1916; T.L. Anderson, 1916; R.D. Kinkead, 1916-1917; Grover C. Cadieu, 1917.</subfield></datafield><datafield ind1=" " ind2=" " tag="530"><subfield code="a">Archived issues are available in digital format from the Library of Congress Chronicling America online collection.</subfield></datafield><datafield ind1=" " ind2="0" tag="651"><subfield code="a">Johnson City (Tenn.)</subfield><subfield code="v">Newspapers.</subfield></datafield><datafield ind1=" " ind2="0" tag="651"><subfield code="a">Washington County (Tenn.)</subfield><subfield code="v">Newspapers.</subfield></datafield><datafield ind1=" " ind2="7" tag="651"><subfield code="a">Tennessee</subfield><subfield code="z">Johnson City.</subfield><subfield code="2">fast</subfield><subfield code="0">(OCoLC)fst01205644</subfield></datafield><datafield ind1=" " ind2="7" tag="651"><subfield code="a">Tennessee</subfield><subfield code="z">Washington County.</subfield><subfield code="2">fast</subfield><subfield code="0">(OCoLC)fst01234578</subfield></datafield><datafield ind1=" " ind2="7" tag="655"><subfield code="a">Newspapers.</subfield><subfield code="2">fast</subfield><subfield code="0">(OCoLC)fst01423814</subfield></datafield><datafield ind1=" " ind2=" " tag="752"><subfield code="a">United States</subfield><subfield code="b">Tennessee</subfield><subfield code="c">Washington</subfield><subfield code="d">Johnson City.</subfield></datafield><datafield ind1="0" ind2="8" tag="776"><subfield code="i">Online version:</subfield><subfield code="t">Johnson City comet (Johnson City, Tenn. : Weekly : 1916)</subfield><subfield code="x">2475-2975</subfield><subfield code="w">(DLC)  2016271257</subfield><subfield code="w">(OCoLC)965497079</subfield></datafield><datafield ind1="0" ind2="0" tag="780"><subfield code="t">Comet (Johnson City, Tenn. : Weekly)</subfield><subfield code="x">2376-5518</subfield><subfield code="w">(DLC)sn 89058128</subfield><subfield code="w">(OCoLC)19085874</subfield></datafield><datafield ind1="0" ind2="0" tag="785"><subfield code="t">Comet (Johnson City, Tenn. : Weekly : 1917)</subfield><subfield code="w">(DLC)sn 98069796</subfield></datafield><datafield ind1="4" ind2="1" tag="856"><subfield code="u">http://chroniclingamerica.loc.gov/lccn/sn98069795/issues/</subfield></datafield><datafield ind1="1" ind2=" " tag="029"><subfield code="a">AU@</subfield><subfield code="b">000013963818</subfield></datafield></record>